@article{shvachko2010hdfs,
  title={HDFS Scalability: The limits to growth},
  author={Shvachko, Konstantin V},
  journal={login},
  volume={35},
  number={2},
  pages={6--16},
  year={2010}
}