@online{apachehadoop,
	author = {Apache},
	title = {What Is Apache Hadoop?},
	howpublished = {\url{http://hadoop.apache.org}}
}

@online{cloudera,
	author = {Cloudera},
	title = {Hadoop and Big Data},
	howpublished = {\url{http://www.cloudera.com/content/cloudera/en/about/hadoop-and-big-data.html}}
}

@article{borthakur2008hdfs,
	title={HDFS architecture guide},
	author={Borthakur, Dhruba},
	journal={HADOOP APACHE PROJECT http://hadoop. apache. org/common/docs/current/hdfs design. pdf},
	year={2008}
}

@inproceedings{ghemawat2003google,
	title={The Google file system},
	author={Ghemawat, Sanjay and Gobioff, Howard and Leung, Shun-Tak},
	booktitle={ACM SIGOPS Operating Systems Review},
	volume={37},
	number={5},
	pages={29--43},
	year={2003},
	organization={ACM}
}